% This file was created with JabRef 2.10.
% Encoding: UTF8

% Introducao

@MISC{receita:dados-publicos:cnpj,
  title={Dados públicos CNPJ - Receita Federal},
  organization={Secretaria Especial da Receita Federal do Brasil},
  year={2020},
  urlaccessdate = {10/04/2020},
  timestamp={10/04/2020},
  url={https://receita.economia.gov.br/orientacao/tributaria/cadastros/cadastro-nacional-de-pessoas-juridicas-cnpj/dados-publicos-cnpj}
}

@MISC{lei:1994:documentos-fiscais,
  title={Lei nº 8846},
  organization={Brasil},
  year={1994},
  url={http://www.planalto.gov.br/ccivil_03/leis/L8846.htm}
}

% Documentos Fiscais

@MISC{lei:1966:codigo_tributario,
  title={Lei nº 5172},
  organization={Brasil},
  year={1966},
  url={http://www.planalto.gov.br/ccivil_03/leis/l5172.htm}
}

@MISC{constituicao:1988,
  title={Constitui{\c c}\~ao da Rep\'ublica Federativa do Brasil},
  organization={Brasil},
  year={1988},
  url={http://www.planalto.gov.br/ccivil_03/constituicao/constituicao.htm}
}

@MISC{constituicao:emenda42_2003,
  title={Emenda Constitucional nº42},
  organization={Brasil},
  year={2003},
  url={http://www.planalto.gov.br/ccivil_03/constituicao/Emendas/Emc/emc42.htm}
}

@MISC{enat:2004:protocolo1,
  title={Protocolo 01/2004 - Cadastro Sincronizado},
  organization={ENAT},
  year={2004},
  timestamp={17/07/2004},
  url={http://www.enat.receita.fazenda.gov.br/pt-br/area_nacional/areas_interesse/foruns/historico/i-enat/i-enat-2004-protocolos/protocolo-01-2004-cooperacao-praticas-i-enat/at_download/file}
}

@MISC{enat:2004:protocolo2,
  title={Protocolo 02/2004 - Cooperações Práticas},
  organization={ENAT},
  year={2004},
  timestamp={17/07/2004},
  url={http://www.enat.receita.fazenda.gov.br/pt-br/area_nacional/areas_interesse/foruns/historico/i-enat/i-enat-2004-protocolos/protocolo-02-2004-cooperacao-praticas-i-enat/at_download/file}
}

@MISC{enat:2005:protocolo2,
  title={Protocolo 02/2005 - SPED},
  organization={ENAT},
  year={2005},
  timestamp={27/08/2005},
  url={http://www.enat.receita.fazenda.gov.br/pt-br/area_nacional/areas_interesse/foruns/historico/ii-enat/ii-enat-2005-protocolos/protocolo-02-2005-sped-ii-enat}
}

@MISC{enat:2005:protocolo3,
  title={Protocolo 03/2005 - NF-e},
  organization={ENAT},
  year={2005},
  timestamp={27/08/2005},
  url={http://www.enat.receita.fazenda.gov.br/pt-br/area_nacional/areas_interesse/foruns/historico/ii-enat/ii-enat-2005-protocolos/protocolo-03-2005-nf-e-ii-enat}
}

@MISC{enat:2005:protocolo4,
  title={Protocolo 04/2005 - CNAE Fiscal},
  organization={ENAT},
  year={2005},
  timestamp={27/08/2005},
  url={http://www.enat.receita.fazenda.gov.br/pt-br/area_nacional/areas_interesse/foruns/historico/ii-enat/ii-enat-2005-protocolos/protocolo-04-2005-cnae-fiscal-ii-enat}
}

% Grafos

@book{newman:2018:networks,
  title={Networks},
  author={Newman, Mark},
  year={2018},
  publisher={Oxford University Press}
}
